<?xml version="1.0" encoding="UTF-8"?>
<marc:collection xmlns:marc="http://www.loc.gov/MARC21/slim">
    <marc:record>
        <marc:leader>02775pam a2200601 c 4500</marc:leader>
        <marc:controlfield tag="001">000000000</marc:controlfield>
        <marc:controlfield tag="003">DE-101</marc:controlfield>
        <marc:controlfield tag="007">t</marc:controlfield>
        <marc:controlfield tag="008">090511s2010    gw ||||| |||| 00||||ger  </marc:controlfield>
        <marc:datafield tag="010" ind1=" " ind2=" ">
            <marc:subfield code="a">000000000</marc:subfield>
        </marc:datafield>
        <marc:datafield tag="016" ind1=" " ind2=" ">
            <marc:subfield code="a">730032015</marc:subfield>
        </marc:datafield>
        <marc:datafield tag="016" ind1="7" ind2=" ">
            <marc:subfield code="a">000000000</marc:subfield>
            <marc:subfield code="2">DE-101</marc:subfield>
        </marc:datafield>
        <marc:datafield tag="020" ind1=" " ind2=" ">
            <marc:subfield code="a">0000000000000</marc:subfield>
        </marc:datafield>
        <marc:datafield tag="022" ind1=" " ind2=" ">
            <marc:subfield code="a">0376-4583</marc:subfield>
        </marc:datafield>
        <marc:datafield tag="024" ind1="2" ind2=" ">
            <marc:subfield code="a">0242#.a</marc:subfield>
        </marc:datafield>
        <marc:datafield tag="024" ind1="3" ind2=" ">
            <marc:subfield code="a">9783423138574</marc:subfield>
        </marc:datafield>
        <marc:datafield tag="024" ind1="7" ind2=" ">
            <marc:subfield code="a">0A3200912B4A1057</marc:subfield>
            <marc:subfield code="2">doi</marc:subfield>
        </marc:datafield>
        <marc:datafield tag="035" ind1=" " ind2=" ">
            <marc:subfield code="a">(DE-599)DNB000000000</marc:subfield>
        </marc:datafield>
        <marc:datafield tag="035" ind1=" " ind2=" ">
            <marc:subfield code="a">(OCoLC)OCLC00000</marc:subfield>
        </marc:datafield>
        <marc:datafield tag="040" ind1=" " ind2=" ">
            <marc:subfield code="a">DE-101</marc:subfield>
            <marc:subfield code="b">ger</marc:subfield>
            <marc:subfield code="c">DE-101</marc:subfield>
            <marc:subfield code="d">DE-101</marc:subfield>
        </marc:datafield>
        <marc:datafield tag="041" ind1=" " ind2=" ">
            <marc:subfield code="a">ger</marc:subfield>
            <marc:subfield code="h">spa</marc:subfield>
        </marc:datafield>
        <marc:datafield tag="044" ind1=" " ind2=" ">
            <marc:subfield code="c">XA-DE</marc:subfield>
        </marc:datafield>
        <marc:datafield tag="080" ind1=" " ind2=" ">
            <marc:subfield code="a">Universal Decimal Classification number</marc:subfield>
        </marc:datafield>
        <marc:datafield tag="082" ind1="0" ind2=" ">
            <marc:subfield code="a">388/.0919</marc:subfield>
        </marc:datafield>
        <marc:datafield tag="083" ind1="0" ind2=" ">
            <marc:subfield code="a">388.13</marc:subfield>
        </marc:datafield>
        <marc:datafield tag="084" ind1=" " ind2=" ">
            <marc:subfield code="a">LH 84958</marc:subfield>
            <marc:subfield code="2">rvk</marc:subfield>
        </marc:datafield>
        <marc:datafield tag="085" ind1=" " ind2=" ">
            <marc:subfield code="a">093</marc:subfield>
        </marc:datafield>
        <marc:datafield tag="100" ind1="1" ind2=" ">
            <marc:subfield code="a">Surname, Forname</marc:subfield>
            <marc:subfield code="d">2020-</marc:subfield>
            <marc:subfield code="0">(DE-588)111222333</marc:subfield>
            <marc:subfield code="0">(uri)http://example.com/111222333</marc:subfield>
            <marc:subfield code="4">aut</marc:subfield>
        </marc:datafield>
        <marc:datafield tag="110" ind1="2" ind2=" ">
            <marc:subfield code="a">Corporate name or jurisdiction name as entry element</marc:subfield>
            <marc:subfield code="0">(DE-101)200568-2</marc:subfield>
            <marc:subfield code="4">Relationship</marc:subfield>
        </marc:datafield>
        <marc:datafield tag="111" ind1="2" ind2=" ">
            <marc:subfield code="a">Meeting name or jurisdiction name as entry element</marc:subfield>
            <marc:subfield code="0">Authority record control number or standard number</marc:subfield>
            <marc:subfield code="4">Relationship</marc:subfield>
        </marc:datafield>
        <marc:datafield tag="130" ind1="0" ind2=" ">
            <marc:subfield code="a">Uniform title</marc:subfield>
        </marc:datafield>
        <marc:datafield tag="240" ind1="1" ind2=" ">
            <marc:subfield code="a">Uniform title</marc:subfield>
        </marc:datafield>
        <marc:datafield tag="245" ind1="0" ind2="0">
            <marc:subfield code="a">Title</marc:subfield>
            <marc:subfield code="b">Remainder_of_title</marc:subfield>
            <marc:subfield code="n">1</marc:subfield>
            <marc:subfield code="p">1</marc:subfield>
        </marc:datafield>
        <marc:datafield tag="246" ind1="0" ind2=" ">
            <marc:subfield code="a">Title_proper_short_title</marc:subfield>
            <marc:subfield code="b">Remainder_of_title</marc:subfield>
        </marc:datafield>
        <marc:datafield tag="250" ind1=" " ind2=" ">
            <marc:subfield code="a">Edition_statement</marc:subfield>
        </marc:datafield>
        <marc:datafield tag="260" ind1=" " ind2=" ">
            <marc:subfield code="a">Place_of_publication,_distribution,_etc</marc:subfield>
            <marc:subfield code="b">Name_of_publisher,_distributor,_etc</marc:subfield>
        </marc:datafield>
        <marc:datafield tag="264" ind1=" " ind2="1">
            <marc:subfield code="a">Place_of_production,_publication,_distribution,_manufacture</marc:subfield>
            <marc:subfield code="b">Name_of_producer,_publisher,_distributor,_manufacturer</marc:subfield>
        </marc:datafield>
        <marc:datafield tag="300" ind1=" " ind2=" ">
            <marc:subfield code="a">Extent</marc:subfield>
        </marc:datafield>
        <marc:datafield tag="502" ind1=" " ind2=" ">
            <marc:subfield code="o">Dissertation_identifier</marc:subfield>
        </marc:datafield>
        <marc:datafield tag="600" ind1=" " ind2=" ">
            <marc:subfield code="a">Personal_name</marc:subfield>
            <marc:subfield code="0">Authority_record_control_number_or_standard_number</marc:subfield>
        </marc:datafield>
        <marc:datafield tag="610" ind1="2" ind2="4">
            <marc:subfield code="a">Corporate_name_or_jurisdiction_name_as_entry_element</marc:subfield>
            <marc:subfield code="0">Authority_record_control_number_or_standard_number</marc:subfield>
        </marc:datafield>
        <marc:datafield tag="611" ind1="2" ind2="4">
            <marc:subfield code="a">Meeting_name_or_jurisdiction_name_as_entry_element</marc:subfield>
            <marc:subfield code="0">Authority_record_control_number_or_standard_number</marc:subfield>
        </marc:datafield>
        <marc:datafield tag="630" ind1=" " ind2="4">
            <marc:subfield code="a">Uniform_title</marc:subfield>
            <marc:subfield code="0">Authority_record_control_number_or_standard_number</marc:subfield>
        </marc:datafield>
        <marc:datafield tag="648" ind1=" " ind2="4">
            <marc:subfield code="a">Chronological_term</marc:subfield>
            <marc:subfield code="0">Authority_record_control_number_or_standard_number</marc:subfield>
        </marc:datafield>
        <marc:datafield tag="650" ind1=" " ind2="4">
            <marc:subfield code="a">Topical_term_or_geographic_name_entry_element</marc:subfield>
            <marc:subfield code="0">Authority_record_control_number_or_standard_number</marc:subfield>
        </marc:datafield>
        <marc:datafield tag="651" ind1=" " ind2="4">
            <marc:subfield code="a">Geographic_name</marc:subfield>
            <marc:subfield code="0">Authority_record_control_number_or_standard_number</marc:subfield>
        </marc:datafield>
        <marc:datafield tag="655" ind1=" " ind2="4">
            <marc:subfield code="a">Genre_form_data_or_focus_term</marc:subfield>
            <marc:subfield code="0">Authority_record_control_number_or_standard_number</marc:subfield>
        </marc:datafield>
        <marc:datafield tag="700" ind1="2" ind2=" ">
            <marc:subfield code="a">Personal name</marc:subfield>
            <marc:subfield code="0">Authority_record_control_number_or_standard_number</marc:subfield>
            <marc:subfield code="4">Relationship</marc:subfield>
        </marc:datafield>
        <marc:datafield tag="710" ind1="2" ind2=" ">
            <marc:subfield code="a">Corporate_name_or_jurisdiction_name_as_entry_element</marc:subfield>
            <marc:subfield code="0">Authority_record_control_number_or_standard_number</marc:subfield>
            <marc:subfield code="4">Relationship</marc:subfield>
        </marc:datafield>
        <marc:datafield tag="711" ind1=" " ind2=" ">
            <marc:subfield code="a">Meeting_name_or_jurisdiction_name_as_entry_element</marc:subfield>
            <marc:subfield code="0">Authority_record_control_number_or_standard_number</marc:subfield>
            <marc:subfield code="4">Relationship</marc:subfield>
        </marc:datafield>
        <marc:datafield tag="730" ind1=" " ind2=" ">
            <marc:subfield code="a">Uniform_title</marc:subfield>
        </marc:datafield>
        <marc:datafield tag="773" ind1="0" ind2=" ">
            <marc:subfield code="w">Record_control_number</marc:subfield>
        </marc:datafield>
        <marc:datafield tag="856" ind1="4" ind2="2">
            <marc:subfield code="u">http://example.com</marc:subfield>
            <marc:subfield code="3">Inhaltstext</marc:subfield>
        </marc:datafield>
    </marc:record>
</marc:collection>